<record><leader>00000cas a22000007a 4500</leader><controlfield tag="001">13755369</controlfield><controlfield tag="008">860620d18721872nvudn ne      0    0eng d</controlfield><datafield ind1=" " ind2=" " tag="010"><subfield code="a">sn 86076212 </subfield></datafield><datafield ind1=" " ind2=" " tag="040"><subfield code="a">NNX</subfield><subfield code="b">eng</subfield><subfield code="c">NNX</subfield><subfield code="d">OCLCQ</subfield></datafield><datafield ind1=" " ind2=" " tag="042"><subfield code="a">msc</subfield></datafield><datafield ind1="0" ind2="4" tag="245"><subfield code="a">The Daily Pioche review.</subfield></datafield><datafield ind1=" " ind2=" " tag="260"><subfield code="a">Pioche, Nev. :</subfield><subfield code="b">Kenyon &amp; Co.,</subfield><subfield code="c">1872.</subfield></datafield><datafield ind1=" " ind2=" " tag="300"><subfield code="a">1 v.</subfield></datafield><datafield ind1=" " ind2=" " tag="310"><subfield code="a">Daily (except Sun.)</subfield></datafield><datafield ind1="0" ind2=" " tag="362"><subfield code="a">Vol. 1, no. 1 (Sept. 23, 1872)-v. 1, no. 42 (Nov. 9, 1872).</subfield></datafield><datafield ind1=" " ind2=" " tag="530"><subfield code="a">Microfilm available from the Bancroft Library.</subfield></datafield><datafield ind1=" " ind2=" " tag="752"><subfield code="a">United States</subfield><subfield code="b">Nevada</subfield><subfield code="c">Lincoln</subfield><subfield code="d">Pioche.</subfield></datafield></record>